@article{ 
	Browne2006834,
	title = "Spiral packing ",
	journal = "Computers \& Graphics ",
	volume = "30",
	number = "5",
	pages = "834 - 842",
	year = "2006",
	note = "",
	issn = "0097-8493",
	doi = "http://dx.doi.org/10.1016/j.cag.2006.07.010",
	url = "http://www.sciencedirect.com/science/article/pii/S0097849306001312",
	author = "Cameron Browne and Paul van Wamelen",
	keywords = "Archimedesâ€™ spiral",
	keywords = "Apollonian circle packing",
	keywords = "Fractal",
	keywords = "Art "
}
