%% This BibTeX bibliography file was created using BibDesk.
%% http://bibdesk.sourceforge.net/


%% Created for Adrian Cortez at 2015-05-12 04:47:06 -0400 


%% Saved with string encoding Unicode (UTF-8) 



@article{Bourke2006,
	Author = {Paul Bourke},
	Date-Added = {2015-05-11 23:22:54 +0000},
	Date-Modified = {2015-05-11 23:28:37 +0000},
	Journal = {Computers and Graphics},
	Month = {January},
	Number = {1},
	Pages = {134-136},
	Title = {An Introduction to the Apollony Fractal},
	Volume = {30},
	Year = {2006}}

@article{Kasner1943,
	Author = {Edward Kasner and Fred Supnick},
	Date-Added = {2015-04-06 16:22:11 +0000},
	Date-Modified = {2015-04-06 16:37:54 +0000},
	Journal = {Proceedings of the National Academy of Sciences of the United States of America},
	Number = {11},
	Pages = {378 - 384},
	Read = {1},
	Title = {The Apollonian Packing of Circles},
	Volume = {29},
	Year = {1943}}

@article{Browne2006834,
	Author = {Cameron Browne and Paul van Wamelen},
	Date-Modified = {2015-05-12 08:47:02 +0000},
	Doi = {http://dx.doi.org/10.1016/j.cag.2006.07.010},
	Issn = {0097-8493},
	Journal = {Computers and Graphics},
	Keywords = {Art},
	Number = {5},
	Pages = {834 - 842},
	Title = {Spiral packing},
	Url = {http://www.sciencedirect.com/science/article/pii/S0097849306001312},
	Volume = {30},
	Year = {2006},
	Bdsk-Url-1 = {http://www.sciencedirect.com/science/article/pii/S0097849306001312},
	Bdsk-Url-2 = {http://dx.doi.org/10.1016/j.cag.2006.07.010}}
